<?xml version="1.0" encoding="UTF-8"?><collection xmlns="http://www.loc.gov/MARC21/slim"><record><leader>00419nam--2200133-i-4500</leader><controlfield tag="001">000001142</controlfield><controlfield tag="002">20161230</controlfield><controlfield tag="005">20161230201024</controlfield><controlfield tag="008">060222s1000------------r-----000-0-eng-d</controlfield><datafield ind1=" " ind2=" " tag="080"><subfield code="a">621.3</subfield></datafield><datafield ind1=" " ind2=" " tag="100"><subfield code="a">Herman, Maurice</subfield></datafield><datafield ind1=" " ind2=" " tag="245"><subfield code="a">Contribution a l etude du transfert radiatif dans un milieu diffusant et absorbant.these</subfield></datafield><datafield ind1=" " ind2=" " tag="260"><subfield code="a">Lille, Faculte Des Sciences De L Universite De Lille, 1968. 140 P. = Fig</subfield></datafield><datafield ind1=" " ind2=" " tag="852"><subfield code="a">34355</subfield></datafield></record></collection>